@online{国务院2005性别平等,
    author  = {中华人民共和国国务院新闻办公室},
    title   = {中国性别平等与妇女发展状况},
    year    = {2005},
    url     = {https://www.mathworks.com/pricing-licensing.html},
    urldate = {2005-08-24}
}
